@misc{pakin2020comprehensive,
  title={The comprehensive LaTeX symbol list},
  author={Pakin, Scott},
  year={2020},
  url={http://tug.ctan.org/info/symbols/comprehensive/symbols-a4.pdf}
}

@Misc{Benty20,
   author =      {Nir Benty and Kai-Hwa Yao and Petrik Clarberg and Lucy Chen and Simon Kallweit and Tim Foley and Matthew Oakes and Conor Lavelle and Chris Wyman},
   title =       {The {Falcor} Rendering Framework},
   year =        {2020},
   month =       {08},
   url =         {https://github.com/NVIDIAGameWorks/Falcor},
   note=         {\url{https://github.com/NVIDIAGameWorks/Falcor}}
}